{
  "leader": "01038cz   2200253n  45 0",
  "fields": [
    {
      "001": "oca03956092 "
    },
    {
      "003": "OCoLC"
    },
    {
      "005": "20210211090547.0"
    },
    {
      "008": "951109n| azaabaaan          |a ana     c"
    },
    {
      "010": {
        "subfields": [
          {
            "a": "no 95053400 "
          }
        ],
        "ind1": " ",
        "ind2": " "
      }
    },
    {
      "040": {
        "subfields": [
          {
            "a": "GU"
          },
          {
            "b": "eng"
          },
          {
            "e": "rda"
          },
          {
            "c": "GU"
          },
          {
            "d": "NcU"
          },
          {
            "d": "WaU"
          },
          {
            "d": "CoU"
          },
          {
            "d": "OkS"
          }
        ],
        "ind1": " ",
        "ind2": " "
      }
    },
    {
      "130": {
        "subfields": [
          {
            "a": "Collection Folio classique"
          }
        ],
        "ind1": " ",
        "ind2": "0"
      }
    },
    {
      "370": {
        "subfields": [
          {
            "g": "Paris (France)"
          },
          {
            "2": "naf"
          }
        ],
        "ind1": " ",
        "ind2": " "
      }
    },
    {
      "380": {
        "subfields": [
          {
            "a": "Series"
          }
        ],
        "ind1": " ",
        "ind2": " "
      }
    },
    {
      "430": {
        "subfields": [
          {
            "a": "Folio classique"
          }
        ],
        "ind1": " ",
        "ind2": "0"
      }
    },
    {
      "430": {
        "subfields": [
          {
            "a": "Collection classique"
          }
        ],
        "ind1": " ",
        "ind2": "0"
      }
    },
    {
      "643": {
        "subfields": [
          {
            "a": "Paris"
          },
          {
            "b": "Gallimard"
          }
        ],
        "ind1": " ",
        "ind2": " "
      }
    },
    {
      "644": {
        "subfields": [
          {
            "a": "f"
          },
          {
            "5": "DLC"
          },
          {
            "5": "WaU"
          }
        ],
        "ind1": " ",
        "ind2": " "
      }
    },
    {
      "645": {
        "subfields": [
          {
            "a": "t"
          },
          {
            "5": "DLC"
          },
          {
            "5": "WaU"
          }
        ],
        "ind1": " ",
        "ind2": " "
      }
    },
    {
      "646": {
        "subfields": [
          {
            "a": "s"
          },
          {
            "5": "DLC"
          },
          {
            "5": "WaU"
          }
        ],
        "ind1": " ",
        "ind2": " "
      }
    },
    {
      "667": {
        "subfields": [
          {
            "a": "When numbering appears on the spine, it is the series Collection Folio (also called Folio) that is numbered, not the series Collection Folio classique."
          }
        ],
        "ind1": " ",
        "ind2": " "
      }
    },
    {
      "670": {
        "subfields": [
          {
            "a": "Le diable boiteux, c1984:"
          },
          {
            "b": "ser. t.p. (Collection Folio classique)"
          }
        ],
        "ind1": " ",
        "ind2": " "
      }
    },
    {
      "670": {
        "subfields": [
          {
            "a": "Histoire de Gil Blas de Santillane, 1995:"
          },
          {
            "b": "ser. t.p. (Collection classique) cover (Folio classique)"
          }
        ],
        "ind1": " ",
        "ind2": " "
      }
    },
    {
      "670": {
        "subfields": [
          {
            "a": "La vie de Marianne, c1997:"
          },
          {
            "b": "ser. t.p. (Collection Folio classique) cover (Folio classique) opp. p. 778 (la collection Folio classique)"
          }
        ],
        "ind1": " ",
        "ind2": " "
      }
    }
  ]
}